<?xml version="1.0" encoding="UTF-8"?><record xmlns="http://www.loc.gov/MARC21/slim" xmlns:cinclude="http://apache.org/cocoon/include/1.0" xmlns:zs="http://www.loc.gov/zing/srw/">
  <leader>00462nz  a2200157n  4500</leader>
  <controlfield tag="001">n 2014021518</controlfield>
  <controlfield tag="003">DLC</controlfield>
  <controlfield tag="005">20140421133832.0</controlfield>
  <controlfield tag="008">140421n| azannaabn          |a aaa      </controlfield>
  <datafield tag="010" ind1=" " ind2=" ">
    <subfield code="a">n 2014021518</subfield>
  </datafield>
  <datafield tag="040" ind1=" " ind2=" ">
    <subfield code="a">DLC</subfield>
    <subfield code="c">DLC</subfield>
    <subfield code="e">rda</subfield>
  </datafield>
  <datafield tag="100" ind1="1" ind2=" ">
    <subfield code="a">Burhonova, S.</subfield>
    <subfield code="q">(Sabo)</subfield>
  </datafield>
  <datafield tag="377" ind1=" " ind2=" ">
    <subfield code="a">uzb</subfield>
  </datafield>
  <datafield tag="378" ind1=" " ind2=" ">
    <subfield code="q">Sabo Toสนlaganovna</subfield>
  </datafield>
  <datafield tag="400" ind1="1" ind2=" ">
    <subfield code="a">Burhonova, Sabo</subfield>
  </datafield>
  <datafield tag="670" ind1=" " ind2=" ">
    <subfield code="a">Bunyodkorlik yillari--tarixiy yutuqlar, 2011:</subfield>
    <subfield code="b">title page (S. Burhonova) colophon (Sabo Toสนlaganovna Burhonova)</subfield>
  </datafield>
</record>